{
  "leader": "04917cam a2200553 a 4500",
  "fields": [
    {
      "001": "ocm30737269\\"
    },
    {
      "003": "OCoLC"
    },
    {
      "005": "20220627085929.0"
    },
    {
      "008": "940602s1995\\\\\\\\nyua\\\\\\\\\\b\\\\\\\\001\\0\\eng\\\\"
    },
    {
      "010": {
        "ind1": "\\",
        "ind2": "\\",
        "subfields": [
          {
            "a": "   94020932 "
          }
        ]
      }
    },
    {
      "040": {
        "ind1": "\\",
        "ind2": "\\",
        "subfields": [
          {
            "a": "DLC"
          },
          {
            "b": "eng"
          },
          {
            "c": "DLC"
          },
          {
            "d": "NLGGC"
          },
          {
            "d": "BTCTA"
          },
          {
            "d": "YDXCP"
          },
          {
            "d": "BAKER"
          },
          {
            "d": "UAB"
          },
          {
            "d": "GEBAY"
          },
          {
            "d": "BDX"
          },
          {
            "d": "OCLCF"
          },
          {
            "d": "DEBBG"
          },
          {
            "d": "INT"
          },
          {
            "d": "CBA"
          },
          {
            "d": "BDP"
          },
          {
            "d": "OCLCQ"
          },
          {
            "d": "OCLCO"
          }
        ]
      }
    },
    {
      "019": {
        "ind1": "\\",
        "ind2": "\\",
        "subfields": [
          {
            "a": "1053052098"
          },
          {
            "a": "1252771523"
          }
        ]
      }
    },
    {
      "020": {
        "ind1": "\\",
        "ind2": "\\",
        "subfields": [
          {
            "a": "0871542668"
          }
        ]
      }
    },
    {
      "020": {
        "ind1": "\\",
        "ind2": "\\",
        "subfields": [
          {
            "a": "9780871542663"
          }
        ]
      }
    },
    {
      "020": {
        "ind1": "\\",
        "ind2": "\\",
        "subfields": [
          {
            "a": "0871542676"
          }
        ]
      }
    },
    {
      "020": {
        "ind1": "\\",
        "ind2": "\\",
        "subfields": [
          {
            "a": "9780871542670"
          }
        ]
      }
    },
    {
      "035": {
        "ind1": "\\",
        "ind2": "\\",
        "subfields": [
          {
            "a": "(OCoLC)30737269"
          },
          {
            "z": "(OCoLC)1053052098"
          },
          {
            "z": "(OCoLC)1252771523"
          }
        ]
      }
    },
    {
      "043": {
        "ind1": "\\",
        "ind2": "\\",
        "subfields": [
          {
            "a": "n-us---"
          }
        ]
      }
    },
    {
      "050": {
        "ind1": "0",
        "ind2": "0",
        "subfields": [
          {
            "a": "HV95"
          },
          {
            "b": ".F68 1995"
          }
        ]
      }
    },
    {
      "055": {
        "ind1": "\\",
        "ind2": "3",
        "subfields": [
          {
            "a": "HV95"
          },
          {
            "b": "F74"
          }
        ]
      }
    },
    {
      "082": {
        "ind1": "0",
        "ind2": "0",
        "subfields": [
          {
            "a": "362.580973"
          },
          {
            "b": "FRI"
          }
        ]
      }
    },
    {
      "100": {
        "ind1": "1",
        "ind2": "\\",
        "subfields": [
          {
            "a": "Friedlander, Daniel."
          }
        ]
      }
    },
    {
      "245": {
        "ind1": "1",
        "ind2": "0",
        "subfields": [
          {
            "a": "Five years after :"
          },
          {
            "b": "the long-term effects of welfare-to-work programs /"
          },
          {
            "c": "Daniel Friedlander, Gary Burtless."
          }
        ]
      }
    },
    {
      "260": {
        "ind1": "\\",
        "ind2": "\\",
        "subfields": [
          {
            "a": "New York :"
          },
          {
            "b": "Russell Sage Foundation,"
          },
          {
            "c": "1995."
          }
        ]
      }
    },
    {
      "300": {
        "ind1": "\\",
        "ind2": "\\",
        "subfields": [
          {
            "a": "xi, 230 pages :"
          },
          {
            "b": "illustrations ;"
          },
          {
            "c": "24 cm"
          }
        ]
      }
    },
    {
      "336": {
        "ind1": "\\",
        "ind2": "\\",
        "subfields": [
          {
            "a": "text"
          },
          {
            "b": "txt"
          },
          {
            "2": "rdacontent"
          }
        ]
      }
    },
    {
      "337": {
        "ind1": "\\",
        "ind2": "\\",
        "subfields": [
          {
            "a": "unmediated"
          },
          {
            "b": "n"
          },
          {
            "2": "rdamedia"
          }
        ]
      }
    },
    {
      "338": {
        "ind1": "\\",
        "ind2": "\\",
        "subfields": [
          {
            "a": "volume"
          },
          {
            "b": "nc"
          },
          {
            "2": "rdacarrier"
          }
        ]
      }
    },
    {
      "500": {
        "ind1": "\\",
        "ind2": "\\",
        "subfields": [
          {
            "a": "\"A manpower Demonstration Research Corporation Study.\""
          }
        ]
      }
    },
    {
      "504": {
        "ind1": "\\",
        "ind2": "\\",
        "subfields": [
          {
            "a": "Includes bibliographical references (pages 209-211) and index."
          }
        ]
      }
    },
    {
      "505": {
        "ind1": "0",
        "ind2": "\\",
        "subfields": [
          {
            "a": "1. Findings of This Study -- 2. Goals of This Study -- 3. Analysis Issues, Programs, Data -- 4. Program Impacts on Earnings and AFDC -- 5. Patterns of Employment and Earnings -- 6. AFDC Case Closure and AFDC Recidivism -- 7. Interpreting the Empirical Findings."
          }
        ]
      }
    },
    {
      "520": {
        "ind1": "\\",
        "ind2": "\\",
        "subfields": [
          {
            "a": "With welfare reforms currently being tested in almost every state, and plans for a comprehensive federal overhaul on the horizon, it has become increasingly important to understand how policy changes are likely to affect the lives of welfare recipients. One of the most influential contributions to the welfare reform debate came in the 1980s with a series of social experiments run by the Manpower Demonstration Research Corporation to evaluate a select group of state welfare-to-work programs. Five Years After, a follow-up study conducted by MDRC, provides the first analysis of the long-term consequences of large-scale employment programs for welfare recipients, using newly collected data from evaluations performed in Baltimore, San Diego, Virginia, and Arkansas."
          }
        ]
      }
    },
    {
      "520": {
        "ind1": "8",
        "ind2": "\\",
        "subfields": [
          {
            "a": "Daniel Friedlander and Gary Burtless review the distinctive goals and procedures of each program. They then examine five years of follow-up data to determine whether the initial impact on employment, earnings, and welfare costs held up over time. Surprisingly, although all the programs succeeded in helping people find jobs, they did not automatically lessen welfare dependency, and effects on welfare varied substantially. The Baltimore intervention, which alone led to better-paying jobs, had the least effect on reducing AFDC costs. The authors explain this apparent paradox by making a central distinction between short- and long-term welfare recipients. In those terms, they identify the critical questions ahead: Can more costly education and training programs succeed in helping the particularly disadvantaged? Can aspirations to improve the financial status of the poor and calls to trim government budgets coexist as compatible aspects of welfare reform?"
          }
        ]
      }
    },
    {
      "520": {
        "ind1": "8",
        "ind2": "\\",
        "subfields": [
          {
            "a": "Five Years After's innovative analysis of long-term employment and welfare behavior carefully illuminates these crucial issues. With welfare reform high on the national agenda, this volume ends speculation about the viability of the first generation of employment programs for welfare recipients, delineates the hard choices that must be made among competing approaches, and provides a well-documented foundation for building more comprehensive programs for the next generation. Five Years After will be essential reading for policymakers and scholars searching for a better way to assist the nation's most disadvantaged families."
          }
        ]
      }
    },
    {
      "650": {
        "ind1": "\\",
        "ind2": "0",
        "subfields": [
          {
            "a": "Welfare recipients"
          },
          {
            "x": "Employment"
          },
          {
            "z": "United States."
          }
        ]
      }
    },
    {
      "650": {
        "ind1": "\\",
        "ind2": "0",
        "subfields": [
          {
            "a": "Public welfare"
          },
          {
            "z": "United States."
          }
        ]
      }
    },
    {
      "650": {
        "ind1": "\\",
        "ind2": "0",
        "subfields": [
          {
            "a": "Public welfare"
          },
          {
            "x": "Evaluation."
          }
        ]
      }
    },
    {
      "650": {
        "ind1": "\\",
        "ind2": "7",
        "subfields": [
          {
            "a": "Public welfare."
          },
          {
            "2": "fast"
          },
          {
            "0": "(OCoLC)fst01083250"
          }
        ]
      }
    },
    {
      "650": {
        "ind1": "\\",
        "ind2": "7",
        "subfields": [
          {
            "a": "Public welfare"
          },
          {
            "x": "Evaluation."
          },
          {
            "2": "fast"
          },
          {
            "0": "(OCoLC)fst01083273"
          }
        ]
      }
    },
    {
      "650": {
        "ind1": "\\",
        "ind2": "7",
        "subfields": [
          {
            "a": "Welfare recipients"
          },
          {
            "x": "Employment."
          },
          {
            "2": "fast"
          },
          {
            "0": "(OCoLC)fst01173646"
          }
        ]
      }
    },
    {
      "651": {
        "ind1": "\\",
        "ind2": "7",
        "subfields": [
          {
            "a": "United States."
          },
          {
            "2": "fast"
          },
          {
            "0": "(OCoLC)fst01204155"
          }
        ]
      }
    },
    {
      "700": {
        "ind1": "1",
        "ind2": "\\",
        "subfields": [
          {
            "a": "Burtless, Gary T.,"
          },
          {
            "d": "1950-"
          }
        ]
      }
    },
    {
      "710": {
        "ind1": "2",
        "ind2": "\\",
        "subfields": [
          {
            "a": "Manpower Demonstration Research Corporation."
          }
        ]
      }
    },
    {
      "856": {
        "ind1": "4",
        "ind2": "1",
        "subfields": [
          {
            "3": "Table of contents"
          },
          {
            "u": "http://bvbr.bib-bvb.de:8991/F?func=service&doc_library=BVB01&local_base=BVB01&doc_number=006796280&line_number=0001&func_code=DB_RECORDS&service_type=MEDIA"
          }
        ]
      }
    },
    {
      "856": {
        "ind1": "4",
        "ind2": "2",
        "subfields": [
          {
            "3": "Contributor biographical information"
          },
          {
            "u": "http://catdir.loc.gov/catdir/enhancements/fy1602/94020932-b.html"
          }
        ]
      }
    },
    {
      "856": {
        "ind1": "4",
        "ind2": "2",
        "subfields": [
          {
            "3": "Publisher description"
          },
          {
            "u": "http://catdir.loc.gov/catdir/enhancements/fy1602/94020932-d.html"
          }
        ]
      }
    },
    {
      "994": {
        "ind1": "\\",
        "ind2": "\\",
        "subfields": [
          {
            "a": "Z0"
          },
          {
            "b": "NYRVC"
          }
        ]
      }
    },
    {
      "948": {
        "ind1": "\\",
        "ind2": "\\",
        "subfields": [
          {
            "h": "NO HOLDINGS IN NYRVC - 597 OTHER HOLDINGS"
          }
        ]
      }
    },
    {
      "999": {
        "ind1": "\\",
        "ind2": "\\",
        "subfields": [
          {
            "a": "00000000025281"
          }
        ]
      }
    }
  ]
}